<?xml version="1.0" encoding="UTF-8"?><collection xmlns="http://www.loc.gov/MARC21/slim"><record><leader>00411nam--2200145-i-4500</leader><controlfield tag="001">000034622</controlfield><controlfield tag="002">20161230</controlfield><controlfield tag="005">20161230201040</controlfield><controlfield tag="008">060222s1000------------r-----000-0-eng-d</controlfield><datafield ind1=" " ind2=" " tag="080"><subfield code="a">621.391.63:535.31</subfield></datafield><datafield ind1=" " ind2=" " tag="245"><subfield code="a">New directions in guided wave and coherent optics</subfield></datafield><datafield ind1=" " ind2=" " tag="260"><subfield code="a">Boston, Martinus Nijhoff Publ.,1984. X+/334-685/P</subfield></datafield><datafield ind1=" " ind2=" " tag="490"><subfield code="a">Nato Asi Series</subfield></datafield><datafield ind1=" " ind2=" " tag="700"><subfield code="a">D.B.Ostrowsky And E.Spitz</subfield></datafield><datafield ind1=" " ind2=" " tag="852"><subfield code="a">45736</subfield></datafield></record></collection>